@misc{freepik,
  author = {Freepik},
  title = {Zestaw ikon użytych w interfejsie aplikacji YLO GradeBook},
  year = {2025},
  url = {https://www.freepik.com},
  note = {Wszystkie ikony zostały zmodyfikowane graficznie na potrzeby projektu},
}
